@article{Kalker1991243,
author = "J. J. Kalker",
title = "Wheel-rail rolling contact theory",
journal = "Wear",
volume = "144",
number = "1-2",
pages = "243 - 261",
year = "1991"
}
@article{Carter1926,
author = "F. W. Carter",
title = "On the action of a locomotive driving wheel",
journal = "Proceedings of the Royal Society of London. Series A. Mathematical and Physical Sciences",
volume = "112",
pages = "151 - 157",
year = "1926"
}
@article{KalkerRF,
author = {J. J. Kalker},
title = "Rolling Contact Phenomena: Linear Elasticity",
journal = "Department of Applied Mathematical Analysis, Delft University of Technology, The Netherlands",
year = "2000"
}
@article{Kalker1971VSD,
author = {J. J. Kalker},
title = "Survey of Wheel-Rail Rolling Contact Theory",
journal = "Vehicle System Dynamics",
volume = "5",
pages = "317 - 358",
year = {1979}
}
@article{Polach1999,
author = {O. Polach},
title = "A fast wheel-rail forces calculation computer code",
journal = " Proc. of the 16th IAVSD Symposium",
year = {1999},
}
@article{Greenwood06121966,
author = {Greenwood, J. A. and Williamson, J. B. P.}, 
title = {Contact of Nominally Flat Surfaces}, 
volume = {295}, 
number = {1442}, 
pages = {300-319}, 
year = {1966}, 
journal = {Proceedings of the Royal Society of London. Series A. Mathematical and Physical Sciences} 
}
@article{Bowden07021939,
author = {Bowden, F. P. and Tabor, D.}, 
title = {The Area of Contact between Stationary and between Moving Surfaces}, 
volume = {169}, 
number = {938}, 
pages = {391-413}, 
year = {1939}, 
journal = {Proceedings of the Royal Society of London. Series A. Mathematical and Physical Sciences} 
}
@book{timoshenko1970theory,
title={Theory of elasticity},
author={Timoshenko, S.P. and Goodier, J.N.},
isbn={9780070858053},
lccn={69013617},
series={McGraw-Hill classic textbook reissue series},
year={1970},
publisher={McGraw-Hill}
}
@book{iwnicki2006handbook,
title={Handbook of railway vehicle dynamics},
author={Iwnicki, S.},
isbn={9780849333217},
lccn={2006002255},
year={2006},
publisher={CRC/Taylor \& Francis},
pages = {85 - 120}
}
@article{2011CompM..47..105V,
author = {{Vollebregt}, E.~A.~H. and {Wilders}, P.},
title = "{FASTSIM2: a second-order accurate frictional rolling contact algorithm}",
journal = {Computational Mechanics},
keywords = {Frictional rolling contact, Fastsim algorithm, Wheel-rail contact, Numerical integration scheme},
year = "2011",
month = "Enero",
volume = "47",
pages = {105-116}
}
@book{Herz1881,
title={Miscellaneous Papers},
author={Hertz, H.},
year={1896},
publisher={Macmillan and Co},
pages = {146 - 162}
}
@article{Kalker1982VSD,
author = "J. J. Kalker",
title = "A Fast Algorithm for the Simplified Theory of Rolling Contact",
journal = "Vehicle System Dynamics",
volume = "2",
pages = "1 - 13",
year = "1982"
}
@book{popov2010contact,
title={Contact Mechanics and Friction: Physical Principles and Applications},
author={Popov, V.L.},
isbn={9783642108020},
year={2010},
publisher={Springer}
}
@article {springerlink:10.1007/s11044-007-9094-y,
author = {Pombo, João and Ambrósio, Jorge},
affiliation = {Technical University of Lisbon IDMEC—Instituto Superior Técnico Av. Rovisco Pais 1 1049-001 Lisbon Portugal},
title = {Application of a wheel–rail contact model to railway dynamics in small radius curved tracks},
journal = {Multibody System Dynamics},
publisher = {Springer Netherlands},
issn = {1384-5640},
keyword = {Engineering},
pages = {91-114},
volume = {19},
issue = {1},
year = {2008}
}
@article{Patrikar2004213,
title = "Modeling and simulation of surface roughness",
journal = "Applied Surface Science",
volume = "228",
number = "1-4",
pages = "213 - 220",
year = "2004",
author = "Rajendra M. Patrikar",
keywords = "Surface roughness",
keywords = "Surface simulation",
keywords = "Electrical parameter modeling"
}
@book{johnson1987contact,
title={Contact mechanics},
author={Johnson, K.L.},
isbn={9780521347969},
lccn={84011346},
year={1987},
publisher={Cambridge University Press}
}
@misc{repp00011,
title={Medidas de carga de alta exactitud juegos de rueda de los carros de transito.},
author={Luis Maal},
year={2000},
publisher={Transportation Technology Center}
}
@article{paperLA,
author = {Limongi, E and Gómez, A},
title = {Propuesta de un Modelo de Comportamiento Elástico del Contacto Rueda Riel en Función a la Rugosidad de la Superficie},
month = {Noviembre},
year = {2011}
}
@article{Kalker1990,
author = {J. J. Kalker, F.M. Dekking and Vollebregt},
title = {Simulation of Rough Elastic Contacts},
year = {1990}
}
